@ARTICLE{Himpsel,
author = {Himpsel, F. and McFeely, F. and Taleb-Ibrahimi, A. and Yarmoff, Jory and Hollinger, G.},
year = {1988},
month = {09},
pages = {6084-6084},
title = {Microscopic Structure Of The SiO2/Si Interface},
volume = {38},
journal = {Physical Review B},
doi = {10.1103/PhysRevB.38.6084}
}
@MISC{Nist,
title = {NIST X-ray Photoelectron Spectroscopy Database},
year = {2000},
journal ={NIST Standard Reference Database Number 20},
doi = {10.18434/T4T88K}
}