# ESTE ES UN ARCHIVO DE BIBLIOGRAFIA DE EJEMPLO QUE FORMA
# PARTE DE BAAA2012.TAR
                       

@BOOK{rybicki_radiative_1986,
   author = {{Rybicki}, G.~B. and {Lightman}, A.~P.},
    title = "{Radiative Processes in Astrophysics}",
booktitle = {Radiative Processes in Astrophysics, by George B.~Rybicki, Alan P.~Lightman, pp.~400.~ISBN 0-471-82759-2.~Wiley-VCH , June 1986.},
     year = 1986,
    month = jun,
   adsurl = {http://esoads.eso.org/abs/1986rpa..book.....R},
  adsnote = {Provided by the SAO/NASA Astrophysics Data System}
}

@ARTICLE{hubble_expansion_1929,
   author = {{Hubble}, E.},
    title = "{A Relation between Distance and Radial Velocity among Extra-Galactic Nebulae}",
  journal = {Proceedings of the National Academy of Science},
     year = 1929,
    month = mar,
   volume = 15,
    pages = {168-173},
      doi = {10.1073/pnas.15.3.168},
   adsurl = {http://esoads.eso.org/abs/1929PNAS...15..168H},
  adsnote = {Provided by the SAO/NASA Astrophysics Data System}
}

@ARTICLE{penzias_cmb_1965,
   author = {{Penzias}, A.~A. and {Wilson}, R.~W.},
    title = "{A Measurement of Excess Antenna Temperature at 4080 Mc/s.}",
  journal = {\apj},
 keywords = {Microwave Background, Cosmic Background Radiation},
     year = 1965,
    month = jul,
   volume = 142,
    pages = {419-421},
      doi = {10.1086/148307},
   adsurl = {http://esoads.eso.org/abs/1965ApJ...142..419P},
  adsnote = {Provided by the SAO/NASA Astrophysics Data System}
}

@ARTICLE{penzias_cmb_II_1965,
   author = {{Penzias}, A.~A. and {Wilson}, R.~W.},
    title = "{A Measurement of Excess Antenna Temperature at 4080 Mc/s. FALSE}",
  journal = {\apj},
 keywords = {Microwave Background, Cosmic Background Radiation},
     year = 1965,
    month = Jun,
   volume = 142,
    pages = {419-421},
      doi = {10.1086/148307},
   adsurl = {http://esoads.eso.org/abs/1965ApJ...142..419P},
  adsnote = {Provided by the SAO/NASA Astrophysics Data System}
}


@ARTICLE{navarro_NFW_1997,
   author = {{Navarro}, J.~F. and {Frenk}, C.~S. and {White}, S.~D.~M.},
    title = "{A Universal Density Profile from Hierarchical Clustering}",
  journal = {ApJ},
   eprint = {arXiv:astro-ph/9611107},
 keywords = {COSMOLOGY: THEORY, COSMOLOGY: DARK MATTER, GALAXIES: HALOS, METHODS: NUMERICAL},
     year = 1997,
    month = dec,
   volume = 490,
    pages = {493},
      doi = {10.1086/304888},
   adsurl = {http://esoads.eso.org/abs/1997ApJ...490..493N},
  adsnote = {Provided by the SAO/NASA Astrophysics Data System}
}

@ARTICLE{riess_SN1a_1998,

   author = {{Riess}, A.~G. and {Filippenko}, A.~V. and {Challis}, P.
      and {Clocchiatti}, A. and {Diercks}, A. and {Garnavich}, P.~M.
         and {Gilliland}, R.~L. and {Hogan}, C.~J. and {Jha}, S.},        
    title = "{Observational Evidence from Supernovae for an Accelerating Universe and a Cosmological Constant}",
  journal = {\aj},
   eprint = {arXiv:astro-ph/9805201},
 keywords = {COSMOLOGY: OBSERVATIONS, STARS: SUPERNOVAE: GENERAL},
     year = 1998,
    month = sep,
   volume = 116,
    pages = {1009-1038},
      doi = {10.1086/300499},
   adsurl = {http://esoads.eso.org/abs/1998AJ....116.1009R},
  adsnote = {Provided by the SAO/NASA Astrophysics Data System}
}

@ARTICLE{Planck_2016,
author = {{Planck Collaboration} and {Ade}, P.~A.~R. and {Aghanim}, N. and
        {Arnaud}, M. and {Ashdown}, M. and {Aumont}, J. and
        {Baccigalupi}, C. and {Banday}, A.~J. and {Barreiro}, R.~B. and
        {Bartlett}, J.~G. and {Bartolo}, N. and {Battaner}, E. and
        {Battye}, R. and {Benabed}, K. and {Benoit}, A. and
        {Benoit}, A. and {Bernard}, J. -P. and {Bersanelli}, M.},
        title = "{Planck 2015 results. XIII. Cosmological parameters}",
      journal = {\aap},
     keywords = {cosmology: observations, cosmology: theory, cosmic background radiation,
        cosmological parameters, Astrophysics - Cosmology and
        Nongalactic Astrophysics},
         year = 2016,
        month = Sep,
       volume = {594},
          eid = {A13},
        pages = {A13},
          doi = {10.1051/0004-6361/201525830},
 primaryClass = {astro-ph.CO},
       adsurl = {https://ui.adsabs.harvard.edu/#abs/2016A&A...594A..13P},
      adsnote = {Provided by the SAO/NASA Astrophysics Data System}
}

@ARTICLE{Hough_etal_BAAA_2020,
       author = {{Hough}, T. and {Gurung-L{\'o}pez}, S. and {Orsi}, 'A. and {Cora}, S.~A.},
        title = "{Emission line galaxies around protoclusters in a galaxy formation model}",
      journal = {Boletin de la Asociacion Argentina de Astronomia La Plata Argentina},
     keywords = {galaxies: clusters: general, galaxies: high-redshift, intergalactic medium},
         year = 2020,
        month = jul,
       volume = {61B},
        pages = {174-176},
       adsurl = {https://ui.adsabs.harvard.edu/abs/2020BAAA...61B.174H},
      adsnote = {Provided by the SAO/NASA Astrophysics Data System}
}